@BOOK{furnas1987,
AUTHOR={G. W. Furnas and Thomas K. Landauer and L. M. Gomez and Susan Dumais},
TITLE="The vocabulary problem in human-system communication",
PUBLISHER="Communications of the ACM 30, 11, pages 965-971",
YEAR="1987"
}

@BOOK{carpineto2012,
AUTHOR="Claudio Carpineto and Giovanni Romano",
TITLE="A Survey of Automatic Query Expansion in Information Retrieval",
PUBLISHER="ACM Computing Surveys 44, 1, pages 1-50",
YEAR="2012"
}

@BOOK{lavrenko2001,
AUTHOR="Victor Lavrenko and W. Bruce Croft",
TITLE="Relevance-Based Language Models",
PUBLISHER="Proceedings of the 24th Annual International ACM SIGIR Conference on Research and Development in Information Retrieval. ACM Press, pages 120–127.",
YEAR="2001"
}

@BOOK{mitra1998,
AUTHOR="Mandar Mitra and Amit Singhal and Chris Buckley",
TITLE="Improving automatic query expansion",
PUBLISHER="Proceedings of the 21st Annual International ACM SIGIR Conference on Research and Development in Information Retrieval. ACM Press, pages 206–214",
YEAR="1998"
}

@BOOK{mikolov2013,
AUTHOR="Tomas Mikolov and Kai Chen and Greg Corrado and Jeffrey Dean",
TITLE="Efficient Estimation of Word Representations in Vector Space",
PUBLISHER="CoRR, abs/1301.3781",
YEAR="1998"
}

@BOOK{kuzi2016,
AUTHOR="Saar Kuzi, Anna Shtok, Oren Kurland", 
TITLE="Query Expansion Using Word Embeddings",
PUBLISHER="Proceedings of the 25th ACM International on Conference on Information and Knowledge Management, pages 1929-1932",
YEAR="2016"
}

@BOOK{diaz2016,
AUTHOR="Fernando Diaz, Bhaskar Mitra, Nick Craswell", 
TITLE="Query Expansion with Locally-Trained Word Embeddings",
PUBLISHER="Proceedings of the 54th Annual Meeting of the Association for Computational Linguistics, pages 367–377",
YEAR="2016"
}

@BOOK{ponte1998,
AUTHOR="J. M. Ponte and W. B. Croft", 
TITLE="A language modeling approach to information retrieval",
PUBLISHER="Proceedings of the 21st Annual international ACM SIGIR Conference on Research and Development in information Retrieval (SIGIR '98), pages 275-281",
YEAR="1998"
}

@BOOK{lafferty2001,
AUTHOR="C. Zhai and J. D. Lafferty. A", 
TITLE="A study of smoothing methods for language models applied to ad hoc information retrieval",
PUBLISHER="Proceedings of SIGIR, pages 334–342",
YEAR="2001"
}
